%% all referenced books, articles, etc.

@book{KnowUrOscilloscope,
	author = {Paul C. Smith},
	year = {1980},
	title = {Know Your Oscilloscope -- Fourth 4th Edition},
	publisher = {Howard W. Sams and Company}
}

@misc{ETechnikEinfach,
	author = {Tobias Tippelt},
	title = {{Einf√ºhrung zum Oszilloskop}},
	year = {2023},
	howpublished = {\url{https://www.elektrotechnik-einfach.de/oszilloskop/}},
	note = {Accessed: 2023-12-11}
}

@misc{RPI-GPIO,
	title = {{Raspberry Pi: GPIO - General Purpose Input Output}},
	howpublished = {\url{https://www.elektronik-kompendium.de/sites/raspberry-pi/2002191.htm}},
	note = {Accessed: 2023-12-23}
}

@misc{MikroControllerDatasheet_1,
	organization = {STMicroelectronics},
	title = {{RM0410 Reference manual}},
	year = {2023},
	howpublished = {\url{https://www.st.com/resource/en/reference_manual/dm00224583.pdf}},
	note = {Accessed: 2023-12-16}
}

@misc{MikroControllerDatasheet_Pins,
	organization = {STMicroelectronics},
	title = {{STM32F765xx STM32F767xx STM32F768Ax STM32F769xx}},
	year = {2023},
	howpublished = {\url{https://www.st.com/resource/en/datasheet/stm32f765bi.pdf}},
	note = {Accessed: 2023-12-17}
}

@misc{STM32F769_PinLayout,
	title = {{DISCO-F769NI}},
	howpublished = {\url{https://os.mbed.com/platforms/ST-Discovery-F769NI/#board-pinout}},
	note = {Accessed: 2023-12-17}
}

@misc{EmbSysLib,
	title = {{EmbSysLib}},
	author = {Thomas Breuer},
	howpublished = {\url{https://github.com/ThBreuer/EmbSysLib.git}},
	note = {Accessed: 2023-12-23}
}

@manual{MikroControllerExtension,
	title = {{STM32F769-Experimentierboard}},
	author = {Thomas Breuer},
	version = {1.0},
	year = {2021}
}


@misc{Opamp_Datasheet,
	title = {{TS912, TS912A, TS912B}},
	organization = {STMicroelectronics},
	year = {2012},
	howpublished = {\url{https://www.mouser.de/datasheet/2/389/ts912-957355.pdf}},
	note = {Accessed: 2024-01-02}
}

@misc{Opamp_adder,
	title = {{How to Derive the Summing Amplifier Transfer Function}},
	author = {{Adrian S. Nastase}},
	howpublished = {\url{https://masteringelectronicsdesign.com/how-to-derive-the-summing-amplifier-transfer-function}},
	note = {Accessed: 2024-01-02}
}

@misc{Kondensator_Ladekurve,
	title = {{DC Lab - Capacitor Charging and Discharging}},
	howpublished = {\url{https://www.allaboutcircuits.com/textbook/experiments/chpt-3/capacitor-charging-and-discharging}},
	note = {Accessed: 2024-01-05}
}

@misc{Opamp_PowerSupply,
	title = {{SINGLE-SUPPLY OPERATION OF OPERATIONAL AMPLIFIERS}},
	organization = {Burr-Brown Corporation},
	year = {1986},
	howpublished = {\url{https://www.ti.com/lit/an/sboa059/sboa059.pdf?ts=1704462375604&ref_url=https%253A%252F%252Fwww.google.pl%252F}},
	note = {Accessed: 2024-01-06}
}

@misc{Oscilloscope_Trigger,
	title = {{Triggering}},
	howpublished = {\url{https://www.tiepie.com/en/articles/triggering\#TriggerCondition}},
	note = {Accessed: 2024-01-12}
}
